{
  "leader": "02107cam a2200457 i 4500",
  "fields": [
    {
      "001": "ocm03033888\\"
    },
    {
      "003": "OCoLC"
    },
    {
      "005": "20211118133751.0"
    },
    {
      "008": "760730s1976\\\\\\\\nhua\\\\\\\\\\b\\\\\\\\101\\0\\eng\\\\"
    },
    {
      "010": {
        "ind1": "\\",
        "ind2": "\\",
        "subfields": [
          {
            "a": "   76003306 "
          }
        ]
      }
    },
    {
      "040": {
        "ind1": "\\",
        "ind2": "\\",
        "subfields": [
          {
            "a": "DLC"
          },
          {
            "b": "eng"
          },
          {
            "c": "DLC"
          },
          {
            "d": "NLM"
          },
          {
            "d": "OCL"
          },
          {
            "d": "OCLCQ"
          },
          {
            "d": "BTCTA"
          },
          {
            "d": "OCLCO"
          },
          {
            "d": "OCLCF"
          },
          {
            "d": "OCLCQ"
          },
          {
            "d": "OCLCO"
          },
          {
            "d": "OCL"
          },
          {
            "d": "OCLCO"
          },
          {
            "d": "OCLCQ"
          },
          {
            "d": "OCLCO"
          }
        ]
      }
    },
    {
      "016": {
        "ind1": "7",
        "ind2": "\\",
        "subfields": [
          {
            "a": "8205889"
          },
          {
            "2": "DNLM"
          }
        ]
      }
    },
    {
      "035": {
        "ind1": "\\",
        "ind2": "\\",
        "subfields": [
          {
            "a": "(OCoLC)3033888"
          }
        ]
      }
    },
    {
      "043": {
        "ind1": "\\",
        "ind2": "\\",
        "subfields": [
          {
            "a": "n-us---"
          },
          {
            "a": "n-us-nh"
          },
          {
            "a": "n-us-vt"
          }
        ]
      }
    },
    {
      "050": {
        "ind1": "0",
        "ind2": "0",
        "subfields": [
          {
            "a": "RA395.A3"
          },
          {
            "b": "D37 1975"
          }
        ]
      }
    },
    {
      "060": {
        "ind1": "0",
        "ind2": "0",
        "subfields": [
          {
            "a": "BB9263"
          }
        ]
      }
    },
    {
      "082": {
        "ind1": "0",
        "ind2": "4",
        "subfields": [
          {
            "a": "362.10973"
          },
          {
            "b": "PRO"
          }
        ]
      }
    },
    {
      "111": {
        "ind1": "2",
        "ind2": "\\",
        "subfields": [
          {
            "a": "Dartmouth-Hitchcock Conference on Health Care"
          },
          {
            "n": "(1st :"
          },
          {
            "d": "1975 :"
          },
          {
            "c": "Dartmouth Medical School)"
          }
        ]
      }
    },
    {
      "245": {
        "ind1": "1",
        "ind2": "0",
        "subfields": [
          {
            "a": "Proceedings /"
          },
          {
            "c": "the First Dartmouth-Hitchcock Conference on Health Care, June 25-28, 1975."
          }
        ]
      }
    },
    {
      "260": {
        "ind1": "\\",
        "ind2": "\\",
        "subfields": [
          {
            "a": "Hanover, N.H. :"
          },
          {
            "b": "Dartmouth Medical School,"
          },
          {
            "c": "1976."
          }
        ]
      }
    },
    {
      "300": {
        "ind1": "\\",
        "ind2": "\\",
        "subfields": [
          {
            "a": "xix, 262 pages :"
          },
          {
            "b": "illustrations ;"
          },
          {
            "c": "23 cm"
          }
        ]
      }
    },
    {
      "336": {
        "ind1": "\\",
        "ind2": "\\",
        "subfields": [
          {
            "a": "text"
          },
          {
            "b": "txt"
          },
          {
            "2": "rdacontent"
          }
        ]
      }
    },
    {
      "337": {
        "ind1": "\\",
        "ind2": "\\",
        "subfields": [
          {
            "a": "unmediated"
          },
          {
            "b": "n"
          },
          {
            "2": "rdamedia"
          }
        ]
      }
    },
    {
      "338": {
        "ind1": "\\",
        "ind2": "\\",
        "subfields": [
          {
            "a": "volume"
          },
          {
            "b": "nc"
          },
          {
            "2": "rdacarrier"
          }
        ]
      }
    },
    {
      "500": {
        "ind1": "\\",
        "ind2": "\\",
        "subfields": [
          {
            "a": "\"Sponsors ... Dartmouth College and the Dartmouth-Hitchcock Medical Center.\""
          }
        ]
      }
    },
    {
      "504": {
        "ind1": "\\",
        "ind2": "\\",
        "subfields": [
          {
            "a": "Includes bibliographical references (pages 253-258) and index."
          }
        ]
      }
    },
    {
      "650": {
        "ind1": "\\",
        "ind2": "0",
        "subfields": [
          {
            "a": "Medical care"
          },
          {
            "z": "United States"
          },
          {
            "v": "Congresses."
          }
        ]
      }
    },
    {
      "650": {
        "ind1": "\\",
        "ind2": "0",
        "subfields": [
          {
            "a": "Medical care"
          },
          {
            "z": "Connecticut River Valley"
          },
          {
            "v": "Congresses."
          }
        ]
      }
    },
    {
      "650": {
        "ind1": "\\",
        "ind2": "7",
        "subfields": [
          {
            "a": "Medical care."
          },
          {
            "2": "fast"
          },
          {
            "0": "(OCoLC)fst01013753"
          }
        ]
      }
    },
    {
      "651": {
        "ind1": "\\",
        "ind2": "7",
        "subfields": [
          {
            "a": "United States."
          },
          {
            "2": "fast"
          },
          {
            "0": "(OCoLC)fst01204155"
          }
        ]
      }
    },
    {
      "651": {
        "ind1": "\\",
        "ind2": "7",
        "subfields": [
          {
            "a": "United States"
          },
          {
            "z": "Connecticut River Valley."
          },
          {
            "2": "fast"
          },
          {
            "0": "(OCoLC)fst01273970"
          }
        ]
      }
    },
    {
      "650": {
        "ind1": "\\",
        "ind2": "2",
        "subfields": [
          {
            "a": "Community Health Services."
          },
          {
            "0": "https://id.nlm.nih.gov/mesh/D003153"
          }
        ]
      }
    },
    {
      "651": {
        "ind1": "\\",
        "ind2": "2",
        "subfields": [
          {
            "a": "New England."
          },
          {
            "0": "https://id.nlm.nih.gov/mesh/D009511"
          }
        ]
      }
    },
    {
      "655": {
        "ind1": "\\",
        "ind2": "7",
        "subfields": [
          {
            "a": "Conference papers and proceedings."
          },
          {
            "2": "fast"
          },
          {
            "0": "(OCoLC)fst01423772"
          }
        ]
      }
    },
    {
      "655": {
        "ind1": "\\",
        "ind2": "2",
        "subfields": [
          {
            "a": "Congress."
          },
          {
            "0": "https://id.nlm.nih.gov/mesh/D016423"
          }
        ]
      }
    },
    {
      "710": {
        "ind1": "2",
        "ind2": "\\",
        "subfields": [
          {
            "a": "Dartmouth College."
          }
        ]
      }
    },
    {
      "710": {
        "ind1": "2",
        "ind2": "\\",
        "subfields": [
          {
            "a": "Dartmouth/Hitchcock Medical Center."
          }
        ]
      }
    },
    {
      "776": {
        "ind1": "0",
        "ind2": "8",
        "subfields": [
          {
            "i": "Online version:"
          },
          {
            "a": "Dartmouth-Hitchcock Conference on Health Care (1st : 1975 : Dartmouth Medical School)."
          },
          {
            "t": "Proceedings."
          },
          {
            "d": "Hanover, N.H. : Dartmouth Medical School, 1976"
          },
          {
            "w": "(OCoLC)647537350"
          }
        ]
      }
    },
    {
      "994": {
        "ind1": "\\",
        "ind2": "\\",
        "subfields": [
          {
            "a": "Z0"
          },
          {
            "b": "NYRVC"
          }
        ]
      }
    },
    {
      "948": {
        "ind1": "\\",
        "ind2": "\\",
        "subfields": [
          {
            "h": "NO HOLDINGS IN NYRVC - 14 OTHER HOLDINGS"
          }
        ]
      }
    },
    {
      "999": {
        "ind1": "\\",
        "ind2": "\\",
        "subfields": [
          {
            "a": "no barcode"
          }
        ]
      }
    }
  ]
}